@unpublished{ ANDERSON21,
	key = "ANDERSON21",
	author = Sean Noble Anderson and Leonidas Lampropoulos and Roberto Blanco and Benjamin C. Pierce and Andrew P. Tolmach,
	title = "Security Properties for Stack Safety",
	year = "2021",
	month = jul,
	note = "Preprint available at https://arxiv.org/abs/2105.00417"
}
