@article{Skorstengaard+19,
 author = {Skorstengaard, Lau and Devriese, Dominique and Birkedal, Lars},
 title = {StkTokens: Enforcing Well-Bracketed Control Flow and Stack Encapsulation Using Linear Capabilities},
 year = {2019},
 issue_date = {January 2019},
 publisher = {Association for Computing Machinery},
 address = {New York, NY, USA},
 volume = {3},
 number = {POPL},
 url = {https://doi.org/10.1145/3290332},
 doi = {10.1145/3290332},
 journal = {Proc. ACM Program. Lang.},
 month = jan,
 articleno = {Article 19},
 numpages = {28},
 keywords = {well-bracketed control flow, secure compilation, linear capabilities, fully abstract compilation, stack frame encapsulation, fully abstract overlay semantics, capability machines}
}

