@article{sabelfeld2003language,
  title={Language-based information-flow security},
  author={Sabelfeld, Andrei and Myers, Andrew C},
  journal={IEEE Journal on selected areas in communications},
  volume={21},
  number={1},
  pages={5--19},
  year={2003},
  publisher={IEEE}
}
                  
@article{SkorstengaardSTKJFP,
  author    = {Lau Skorstengaard and
               Dominique Devriese and
               Lars Birkedal},
  title     = {StkTokens: Enforcing well-bracketed control flow and stack encapsulation
               using linear capabilities},
  journal   = {J. Funct. Program.},
  volume    = {31},
  pages     = {e9},
  year      = {2021},
  url       = {https://doi.org/10.1017/S095679682100006X},
  doi       = {10.1017/S095679682100006X},
  timestamp = {Sun, 16 May 2021 00:13:31 +0200},
  biburl    = {https://dblp.org/rec/journals/jfp/SkorstengaardDB21.bib},
  bibsource = {dblp computer science bibliography, https://dblp.org}
}

@inproceedings{Cowan+98,
author = {Cowan, Crispin and Pu, Calton and Maier, Dave and Hintony, Heather and Walpole, Jonathan and Bakke, Peat and Beattie, Steve and Grier, Aaron and Wagle, Perry and Zhang, Qian},
title = {StackGuard: Automatic Adaptive Detection and Prevention of Buffer-Overflow Attacks},
year = {1998},
publisher = {USENIX Association},
address = {USA},
booktitle = {Proceedings of the 7th Conference on USENIX Security Symposium - Volume 7},
pages = {5},
numpages = {1},
location = {San Antonio, Texas},
series = {SSYM’98}
}

@inproceedings{Dang+15,
author = {Dang, Thurston H.Y. and Maniatis, Petros and Wagner, David},
title = {The Performance Cost of Shadow Stacks and Stack Canaries},
year = {2015},
isbn = {9781450332453},
publisher = {Association for Computing Machinery},
address = {New York, NY, USA},
url = {https://doi.org/10.1145/2714576.2714635},
doi = {10.1145/2714576.2714635},
booktitle = {Proceedings of the 10th ACM Symposium on Information, Computer and Communications Security},
pages = {555–566},
numpages = {12},
keywords = {shadow stack, stack cookie, stack canary},
location = {Singapore, Republic of Singapore},
series = {ASIA CCS ’15}
}



@inproceedings{Shanbhogue+19,
author = {Shanbhogue, Vedvyas and Gupta, Deepak and Sahita, Ravi},
title = {Security Analysis of Processor Instruction Set Architecture for Enforcing Control-Flow Integrity},
year = {2019},
isbn = {9781450372268},
publisher = {Association for Computing Machinery},
address = {New York, NY, USA},
url = {https://doi.org/10.1145/3337167.3337175},
doi = {10.1145/3337167.3337175},
booktitle = {Proceedings of the 8th International Workshop on Hardware and Architectural Support for Security and Privacy},
articleno = {8},
numpages = {11},
keywords = {ROP, control flow subversion attacks, COP, Control-flow integrity, shadow stack, JOP},
location = {Phoenix, AZ, USA},
series = {HASP ’19}
}

@inproceedings{Kuznetsov+14,
author = {Kuznetsov, Volodymyr and Szekeres, L\'{a}szl\'{o} and Payer, Mathias and Candea, George and Sekar, R. and Song, Dawn},
title = {Code-Pointer Integrity},
year = {2014},
isbn = {9781931971164},
publisher = {USENIX Association},
address = {USA},
booktitle = {Proceedings of the 11th USENIX Conference on Operating Systems Design and Implementation},
pages = {147–163},
numpages = {17},
location = {Broomfield, CO},
series = {OSDI’14}
}

@inproceedings{NagarakatteZMZ10,
  author    = {Santosh Nagarakatte and
               Jianzhou Zhao and
               Milo M. K. Martin and
               Steve Zdancewic},
  title     = {{CETS}: compiler enforced temporal safety for {C}},
  booktitle = {9th International Symposium on Memory Management},
  shortbooktitle = {ISMM},
  year      = {2010},
  pages     = {31-40},
  publisher = {ACM},
  isbn      = {978-1-4503-0054-4},
  ee        = {http://doi.acm.org/10.1145/1806651.1806657},
  url       = {http://acg.cis.upenn.edu/papers/ismm10_cets.pdf},
}
                  
@inproceedings{NagarakatteZMZ09,
  author    = {Santosh Nagarakatte and
               Jianzhou Zhao and
               Milo M. K. Martin and
               Steve Zdancewic},
  title     = {{SoftBound}: highly compatible and complete spatial memory
               safety for {C}},
  booktitle = {ACM SIGPLAN Conference on Programming
               Language Design and Implementation (PLDI)},
  shortbooktitle = {PLDI},
  publisher = {ACM},
  year      = {2009},
  isbn      = {978-1-60558-392-1},
  pages     = {245-258},
  ee        = {http://doi.acm.org/10.1145/1542476.1542504},
  url       = {http://repository.upenn.edu/cgi/viewcontent.cgi?article=1941&context=cis_reports},
}
  
@inproceedings{DeviettiBMZ08,
  author    = {Joe Devietti and
               Colin Blundell and
               Milo M. K. Martin and
               Steve Zdancewic},
  title     = {{HardBound}: Architectural Support for Spatial Safety of the
               {C} Programming Language},
  booktitle = {13th International Conference on Architectural
               Support for Programming Languages and Operating Systems},
  shortbooktitle = {ASPLOS},
  year      = {2008},
  pages     = {103-114},
  ee        = {http://doi.acm.org/10.1145/1346281.1346295},
  url       = {http://acg.cis.upenn.edu/papers/asplos08_hardbound.pdf},
}

@misc{intel_mpx2013,
        author={Bracher, Richard S.},           
       	title = {Introduction to {Intel Memory Protection} extensions},
	key = {Intel Corporation},
	howpublished = {\url{http://software.intel.com/en-us/articles/introduction-to-intel-memory-protection-extensions}},
	Note = {Accessed: 2020-07-03},
        date = 2013                  
}
                  
                  
@article{SkorstengaardLocal,
author = {Skorstengaard, Lau and Devriese, Dominique and Birkedal, Lars},
title = {Reasoning about a Machine with Local Capabilities: Provably Safe Stack and Return Pointer Management},
year = {2019},
issue_date = {January 2020},
publisher = {Association for Computing Machinery},
address = {New York, NY, USA},
volume = {42},
number = {1},
issn = {0164-0925},
url = {https://doi.org/10.1145/3363519},
doi = {10.1145/3363519},
journal = {ACM Trans. Program. Lang. Syst.},
month = dec,
articleno = {5},
numpages = {53},
keywords = {Capability machines, logical relations, local capabilities, CHERI, well-bracketed control flow, stack encapsulation, secure compilation}
}

  

@article{SkorstengaardSTK,
 author = {Skorstengaard, Lau and Devriese, Dominique and Birkedal, Lars},
 title = {StkTokens: Enforcing Well-Bracketed Control Flow and Stack Encapsulation Using Linear Capabilities},
 year = {2019},
 issue_date = {January 2019},
 publisher = {Association for Computing Machinery},
 address = {New York, NY, USA},
 volume = {3},
 number = {POPL},
 url = {https://doi.org/10.1145/3290332},
 doi = {10.1145/3290332},
 journal = {Proc. ACM Program. Lang.},
 month = jan,
 articleno = {Article 19},
 numpages = {28},
 keywords = {well-bracketed control flow, secure compilation, linear capabilities, fully abstract compilation, stack frame encapsulation, fully abstract overlay semantics, capability machines}
}


@inproceedings{Chisnall+15,
author = {Chisnall, David and Rothwell, Colin and Watson, Robert N.M. and Woodruff, Jonathan and Vadera, Munraj and Moore, Simon W. and Roe, Michael and Davis, Brooks and Neumann, Peter G.},
title = {Beyond the PDP-11: Architectural Support for a Memory-Safe C Abstract Machine},
year = {2015},
isbn = {9781450328357},
publisher = {Association for Computing Machinery},
address = {New York, NY, USA},
url = {https://doi.org/10.1145/2694344.2694367},
doi = {10.1145/2694344.2694367},
booktitle = {Proceedings of the Twentieth International Conference on Architectural Support for Programming Languages and Operating Systems},
pages = {117–130},
numpages = {14},
keywords = {security, memory safety, compilers, processor design, bounds checking, capabilities, memory protection, C language},
location = {Istanbul, Turkey},
series = {ASPLOS ’15}
}
  


@inproceedings{Woodruff+14,
author = {Woodruff, Jonathan and Watson, Robert N.M. and Chisnall, David and Moore, Simon W. and Anderson, Jonathan and Davis, Brooks and Laurie, Ben and Neumann, Peter G. and Norton, Robert and Roe, Michael},
title = {The CHERI Capability Model: Revisiting RISC in an Age of Risk},
year = {2014},
isbn = {9781479943944},
publisher = {IEEE Press},
booktitle = {Proceeding of the 41st Annual International Symposium on Computer Architecuture},
pages = {457–468},
numpages = {12},
location = {Minneapolis, Minnesota, USA},
series = {ISCA ’14}
}

  

@article{provenance,
author = {Memarian, Kayvan and Gomes, Victor and Davis, Brooks and Kell, Stephen and Richardson, Alexander and Watson, Robert and Sewell, Peter},
year = {2019},
month = {01},
pages = {1-32},
title = {Exploring C semantics and pointer provenance},
volume = {3},
journal = {Proceedings of the ACM on Programming Languages},
doi = {10.1145/3290380}
}

@INPROCEEDINGS{6234468,

  author={J. A. {Goguen} and J. {Meseguer}},

  booktitle={1982 IEEE Symposium on Security and Privacy}, 

  title={Security Policies and Security Models}, 

  year={1982},

  volume={},

  number={},

  pages={11-11},}

@inproceedings{Tsampas+19,
  author    = {Stelios Tsampas and
               Dominique Devriese and
               Frank Piessens},
  title     = {Temporal Safety for Stack Allocated Memory on Capability Machines},
  booktitle = {32nd {IEEE} Computer Security Foundations Symposium, {CSF} 2019, Hoboken,
               NJ, USA, June 25-28, 2019},
  pages     = {243--255},
  publisher = {{IEEE}},
  year      = {2019},
  url       = {https://doi.org/10.1109/CSF.2019.00024},
  doi       = {10.1109/CSF.2019.00024},
  timestamp = {Wed, 16 Oct 2019 14:14:49 +0200},
  biburl    = {https://dblp.org/rec/conf/csfw/TsampasDP19.bib},
  bibsource = {dblp computer science bibliography, https://dblp.org}
}


@article{Georges+21,
  author    = {A{\"{\i}}na Linn Georges and
               Arma{\"{e}}l Gu{\'{e}}neau and
               Thomas Van Strydonck and
               Amin Timany and
               Alix Trieu and
               Sander Huyghebaert and
               Dominique Devriese and
               Lars Birkedal},
  title     = {Efficient and provable local capability revocation using uninitialized
               capabilities},
  journal   = {Proc. {ACM} Program. Lang.},
  volume    = {5},
  number    = {{POPL}},
  pages     = {1--30},
  year      = {2021},
  url       = {https://doi.org/10.1145/3434287},
  doi       = {10.1145/3434287},
  timestamp = {Wed, 17 Feb 2021 08:54:00 +0100},
  biburl    = {https://dblp.org/rec/journals/pacmpl/GeorgesGSTTHDB21.bib},
  bibsource = {dblp computer science bibliography, https://dblp.org}
}

@misc{mit-riscv,
        author={Samuel Gruetter},           
       	title = {RISC-V Specification in Coq},
	howpublished = {\url{https://github.com/mit-plv/riscv-coq}},
        date = 2020
}

@article{JiaH11,
  author    = {Yue Jia and
               Mark Harman},
  title     = {An Analysis and Survey of the Development of Mutation
                  Testing},
  journal   = {IEEE Transactions on Software Engineering},
  volume    = {37},
  number    = {5},
  year      = {2011},
  pages     = {649-678},
  ee        = {http://doi.ieeecomputersociety.org/10.1109/TSE.2010.62},
  bibsource = {DBLP, http://dblp.uni-trier.de},
  url       = {http://crest.cs.ucl.ac.uk/fileadmin/crest/sebasepaper/JiaH10.pdf},
}

@inproceedings{GeorgesComplete,
   author    = {A{\"{\i}}na Linn Georges and
               Arma{\"{e}}l Gu{\'{e}}neau and
               Alix Trieu and
               Lars Birkedal},
title="Toward Complete Stack Safety for Capability Machines",
workshop="Workshop on Principles of Secure Compilation",
month=jan,
year=2021,
url="https://www.cs.au.dk/~trieu/publications/PRISC21.pdf"
}

@article{Goguen1982SecurityPA,
  title={Security Policies and Security Models},
  author={J. A. Goguen and J. Meseguer},
  journal={1982 IEEE Symposium on Security and Privacy},
  year={1982},
  pages={11-11}
}
